<?xml version = "1.0" encoding = "UTF-8"?><OAI-PMH xmlns="http://www.openarchives.org/OAI/2.0/" xmlns:xsi="http://www.w3.org/2001/XMLSchema-instance" xsi:schemaLocation="http://www.openarchives.org/OAI/2.0/ http://www.openarchives.org/OAI/2.0/OAI-PMH.xsd"><ListRecords><record><header><identifier>aleph-publish:005598181</identifier></header><metadata><record xmlns="http://www.ddb.de/professionell/mabxml/mabxml-1.xsd"><leader>00000nM2.01200024------h</leader><controlfield tag="LDR">00000nM2.01200024------h</controlfield><controlfield tag="FMT">MH</controlfield><datafield tag="001" ind1="-" ind2="1"><subfield code="a">HT007048176</subfield></datafield><datafield tag="002" ind1="a" ind2="1"><subfield code="a">19991121</subfield></datafield><datafield tag="003" ind1="-" ind2="1"><subfield code="a">20221101154600.0</subfield></datafield><datafield tag="020" ind1="a" ind2="1"><subfield code="a">1089874-8</subfield><subfield code="b">DNB</subfield></datafield><datafield tag="025" ind1="z" ind2="1"><subfield code="a">1089874-8</subfield></datafield><datafield tag="025" ind1="a" ind2="1"><subfield code="a">01620476X</subfield></datafield><datafield tag="025" ind1="o" ind2="1"><subfield code="a">724554237</subfield></datafield><datafield tag="026" ind1="-" ind2="1"><subfield code="a">ZDB1089874-8</subfield></datafield><controlfield tag="030">a||u|||||||37</controlfield><datafield tag="036" ind1="a" ind2="1"><subfield code="a">XA-DE</subfield></datafield><datafield tag="037" ind1="b" ind2="1"><subfield code="a">ger</subfield></datafield><controlfield tag="050">a|a|||||||||||</controlfield><controlfield tag="052">p||||||az||||||</controlfield><datafield tag="060" ind1="-" ind2="1"><subfield code="b">txt</subfield><subfield code="a">Text</subfield></datafield><datafield tag="061" ind1="-" ind2="1"><subfield code="b">n</subfield><subfield code="a">ohne Hilfsmittel zu benutzen</subfield></datafield><datafield tag="062" ind1="-" ind2="1"><subfield code="b">nc</subfield><subfield code="a">Band</subfield></datafield><datafield tag="064" ind1="a" ind2="1"><subfield code="a">Zeitschrift</subfield><subfield code="9">(DE-588)4067488-5</subfield></datafield><datafield tag="070" ind1="-" ind2="1"><subfield code="a">9001</subfield></datafield><datafield tag="070" ind1="a" ind2="1"><subfield code="a">DNB</subfield></datafield><datafield tag="070" ind1="b" ind2="1"><subfield code="a">9001</subfield></datafield><datafield tag="078" ind1="n" ind2="1"><subfield code="a">NWBib-Zeitschrift</subfield></datafield><datafield tag="331" ind1="-" ind2="1"><subfield code="a">Bochumer Zeitpunkte</subfield></datafield><datafield tag="335" ind1="-" ind2="1"><subfield code="a">Beiträge zur Stadtgeschichte, Heimatkunde und Denkmalpflege</subfield></datafield><datafield tag="359" ind1="-" ind2="1"><subfield code="a">Hrsg.: Kortum-Gesellschaft Bochum e.V.</subfield></datafield><datafield tag="376" ind1="c" ind2="1"><subfield code="a">Bochumer Zeitpunkte</subfield></datafield><datafield tag="405" ind1="-" ind2="1"><subfield code="a">1.1991 -</subfield></datafield><datafield tag="406" ind1="b" ind2="1"><subfield code="d">1</subfield><subfield code="j">1991</subfield></datafield><datafield tag="419" ind1="-" ind2="1"><subfield code="a">Bochum</subfield><subfield code="b">Kortum-Gesellschaft Bochum</subfield><subfield code="c">1991-</subfield><subfield code="A">3</subfield></datafield><datafield tag="419" ind1="-" ind2="1"><subfield code="a">Bochum</subfield><subfield code="b">Kracht</subfield><subfield code="c">1991-[?]</subfield></datafield><datafield tag="425" ind1="b" ind2="1"><subfield code="a">1991</subfield></datafield><datafield tag="435" ind1="-" ind2="1"><subfield code="a">30 cm</subfield></datafield><datafield tag="542" ind1="a" ind2="1"><subfield code="a">0940-5453</subfield></datafield><datafield tag="542" ind1="a" ind2="1"><subfield code="a">0940-5453</subfield><subfield code="b">(ISSN-Zentrum für Deutschland)</subfield></datafield><datafield tag="574" ind1="-" ind2="1"><subfield code="a">92,A27,0772</subfield></datafield><datafield tag="700" ind1="-" ind2="1"><subfield code="a">060</subfield><subfield code="2">ZDB</subfield></datafield><datafield tag="700" ind1="-" ind2="1"><subfield code="a">61</subfield><subfield code="2">DNB</subfield></datafield><datafield tag="700" ind1="-" ind2="1"><subfield code="a">63</subfield><subfield code="2">DNB</subfield></datafield><datafield tag="700" ind1="-" ind2="1"><subfield code="a">900</subfield><subfield code="2">DNB</subfield></datafield><datafield tag="700" ind1="-" ind2="1"><subfield code="a">910</subfield><subfield code="2">DNB</subfield></datafield><datafield tag="700" ind1="-" ind2="1"><subfield code="a">914.3</subfield><subfield code="2">DNB</subfield></datafield><datafield tag="700" ind1="n" ind2="1"><subfield code="a">Bochum</subfield><subfield code="0">https://nwbib.de/spatial#Q2103</subfield></datafield><datafield tag="700" ind1="n" ind2="1"><subfield code="a">Geschichte</subfield><subfield code="0">https://nwbib.de/subjects#N240000</subfield></datafield><datafield tag="700" ind1="n" ind2="1"><subfield code="a">Landesbeschreibungen</subfield><subfield code="0">https://nwbib.de/subjects#N102000</subfield></datafield><datafield tag="902" ind1="-" ind2="1"><subfield code="g">Bochum</subfield><subfield code="9">(DE-588)4007328-2</subfield></datafield><datafield tag="902" ind1="-" ind2="1"><subfield code="z">Geschichte</subfield></datafield><datafield tag="902" ind1="-" ind2="1"><subfield code="f">Zeitschrift</subfield></datafield><datafield tag="904" ind1="a" ind2="1"><subfield code="a">ZDB</subfield></datafield><datafield tag="907" ind1="-" ind2="1"><subfield code="g">Bochum</subfield><subfield code="9">(DE-588)4007328-2</subfield></datafield><datafield tag="907" ind1="-" ind2="1"><subfield code="s">Heimatkunde</subfield><subfield code="9">(DE-588)4127794-6</subfield></datafield><datafield tag="907" ind1="-" ind2="1"><subfield code="f">Zeitschrift</subfield></datafield><datafield tag="909" ind1="a" ind2="1"><subfield code="a">ZDB</subfield></datafield><controlfield tag="SYS">005598181</controlfield><datafield tag="LOW" ind1="-" ind2="1"><subfield code="a">BR001</subfield></datafield><datafield tag="LOW" ind1="-" ind2="1"><subfield code="a">B0001</subfield></datafield><datafield tag="LOW" ind1="-" ind2="1"><subfield code="a">M0001</subfield></datafield><datafield tag="LOW" ind1="-" ind2="1"><subfield code="a">Z9024</subfield></datafield><datafield tag="952" ind1="-" ind2="1"><subfield code="g">Stadt Bochum</subfield></datafield><datafield tag="952" ind1="-" ind2="1"><subfield code="g">Baukem</subfield></datafield><datafield tag="957" ind1="-" ind2="1"><subfield code="g">Stadt Bochum</subfield></datafield><datafield tag="957" ind1="-" ind2="1"><subfield code="g">Baukem</subfield></datafield><datafield tag="957" ind1="-" ind2="1"><subfield code="s">Heimatforschung</subfield></datafield><datafield tag="957" ind1="-" ind2="1"><subfield code="s">Heimatgeschichte</subfield></datafield><datafield tag="088" ind1=" " ind2=" "><subfield code="a">Bm 3/3</subfield><subfield code="b">OG</subfield><subfield code="c">Bg 223:2003-2009, H.13-24</subfield><subfield code="e">Zs. Magazin</subfield></datafield><datafield tag="088" ind1=" " ind2=" "><subfield code="a">Bm 3/3</subfield><subfield code="b">OG</subfield><subfield code="c">Bg 223:1991-2002, H.1-12</subfield><subfield code="e">Zs. Magazin</subfield></datafield><datafield tag="088" ind1=" " ind2=" "><subfield code="a">Bm 3/3</subfield><subfield code="b">OG</subfield><subfield code="c">Bg 223:2010-2016, H.25-36</subfield><subfield code="e">Zs. Magazin</subfield></datafield><datafield tag="088" ind1=" " ind2=" "><subfield code="a">Bm 3/3</subfield><subfield code="b">OG</subfield><subfield code="c">Bg 223:2017-2021, H.37-42</subfield><subfield code="e">Zs. Magazin</subfield></datafield><datafield tag="088" ind1=" " ind2=" "><subfield code="a">Bm 3/3</subfield><subfield code="b">LSZ</subfield><subfield code="c">Bg 223:2022 H.43</subfield><subfield code="e">Zs-heft</subfield></datafield><datafield tag="088" ind1=" " ind2=" "><subfield code="a">Bm 3/3</subfield><subfield code="b">LSZ</subfield><subfield code="c">Bg 223:2022 H.</subfield><subfield code="e">Bestellt</subfield></datafield><datafield tag="088" ind1=" " ind2=" "><subfield code="a">6</subfield><subfield code="c">WES 0.1:55</subfield><subfield code="d">1.1991 - 40.2019</subfield></datafield><datafield tag="088" ind1=" " ind2=" "><subfield code="a">294</subfield><subfield code="b">Zeitschriften</subfield><subfield code="c">ZGC 889</subfield><subfield code="d">1.1991,1; 2.1993,1; 3.1994,1; 4.1996 -</subfield></datafield><datafield tag="088" ind1=" " ind2=" "><subfield code="a">294</subfield><subfield code="b">Zeitschriften</subfield><subfield code="c">ZYC 22</subfield><subfield code="d">1.1991,1; 2.1993,1; 3.1994,1; 4.1996 - 27.2011</subfield></datafield><datafield tag="088" ind1=" " ind2=" "><subfield code="a">Bm 3</subfield><subfield code="c">Bg 223</subfield><subfield code="d">1.1991 -</subfield></datafield><datafield tag="088" ind1=" " ind2=" "><subfield code="a">364</subfield><subfield code="c">Z 4040 4°</subfield><subfield code="d">17.2005</subfield></datafield><datafield tag="088" ind1=" " ind2=" "><subfield code="a">6</subfield><subfield code="c">WES 0001</subfield><subfield code="d">Neueste Hefte</subfield></datafield><datafield tag="088" ind1=" " ind2=" "><subfield code="a">6</subfield><subfield code="c">WES 0.1:55</subfield><subfield code="d">41.2020 -</subfield></datafield><datafield tag="200" ind1=" " ind2="9"><subfield code="0">1</subfield><subfield code="b">1.1991 - 40.2019</subfield><subfield code="f">WES 0.1:55</subfield><subfield code="2">M0001</subfield></datafield><datafield tag="200" ind1=" " ind2="9"><subfield code="0">1</subfield><subfield code="b">1.1991,1; 2.1993,1; 3.1994,1; 4.1996 -</subfield><subfield code="f">ZGC 889</subfield><subfield code="g">Zeitschriften</subfield><subfield code="2">B0001</subfield></datafield><datafield tag="200" ind1=" " ind2="9"><subfield code="0">2</subfield><subfield code="b">1.1991,1; 2.1993,1; 3.1994,1; 4.1996 - 27.2011</subfield><subfield code="f">ZYC 22</subfield><subfield code="g">Zeitschriften</subfield><subfield code="2">B0001</subfield></datafield><datafield tag="200" ind1=" " ind2="9"><subfield code="0">1</subfield><subfield code="b">1.1991 -</subfield><subfield code="f">Bg 223</subfield><subfield code="2">BR001</subfield></datafield><datafield tag="200" ind1=" " ind2="9"><subfield code="0">1</subfield><subfield code="b">17.2005</subfield><subfield code="f">Z 4040 4°</subfield><subfield code="2">Z9024</subfield></datafield><datafield tag="200" ind1=" " ind2="9"><subfield code="0">3</subfield><subfield code="b">Neueste Hefte</subfield><subfield code="f">WES 0001</subfield><subfield code="2">M0001</subfield></datafield><datafield tag="200" ind1=" " ind2="9"><subfield code="0">2</subfield><subfield code="b">41.2020 -</subfield><subfield code="f">WES 0.1:55</subfield><subfield code="2">M0001</subfield></datafield></record></metadata></record></ListRecords></OAI-PMH>